<record><leader>00000cas a22000007a 4500</leader><controlfield tag="001">15736280</controlfield><controlfield tag="008">870527d18451849njuwr ne      0    0eng d</controlfield><datafield ind1=" " ind2=" " tag="010"><subfield code="a">sn 87068245 </subfield></datafield><datafield ind1=" " ind2=" " tag="040"><subfield code="a">NJW</subfield><subfield code="b">eng</subfield><subfield code="c">NJW</subfield><subfield code="d">OCL</subfield><subfield code="d">OCLCQ</subfield></datafield><datafield ind1=" " ind2=" " tag="042"><subfield code="a">msc</subfield></datafield><datafield ind1="0" ind2="4" tag="245"><subfield code="a">The Telegraph and Hunterdon and Bucks Counties advertiser.</subfield></datafield><datafield ind1="3" ind2="0" tag="246"><subfield code="a">Telegraph, Hunterdon and Bucks Counties advertiser</subfield></datafield><datafield ind1="3" ind2="0" tag="246"><subfield code="a">Telegraph</subfield></datafield><datafield ind1=" " ind2=" " tag="260"><subfield code="a">Lambertville, N.J. :</subfield><subfield code="b">Edwin G. Clark</subfield></datafield><datafield ind1=" " ind2=" " tag="310"><subfield code="a">Weekly</subfield></datafield><datafield ind1="1" ind2=" " tag="362"><subfield code="a">Began in May 1845; ceased in Apr. 1849.</subfield></datafield><datafield ind1=" " ind2=" " tag="500"><subfield code="a">The word "and" is in small letters above masthead ornament.</subfield></datafield><datafield ind1=" " ind2=" " tag="530"><subfield code="a">Also issued on microfilm as part of the Civil War newspapers collection.</subfield></datafield><datafield ind1=" " ind2=" " tag="588"><subfield code="a">Description based on: New ser., v. 1, no. 39 (Jan. 5, 1848).</subfield></datafield><datafield ind1=" " ind2=" " tag="752"><subfield code="a">United States</subfield><subfield code="b">New Jersey</subfield><subfield code="c">Hunterdon</subfield><subfield code="d">Lambertville.</subfield></datafield><datafield ind1="0" ind2="0" tag="785"><subfield code="t">Delaware Valley diarist: and weekly advertiser</subfield><subfield code="w">(DLC)sn 85035972</subfield><subfield code="w">(OCoLC)13210394</subfield></datafield></record>